<collection xmlns="http://www.loc.gov/MARC21/slim">
<record>
  <leader>01731nam a2200409 a 4500</leader>
  <controlfield tag="001">3210640</controlfield>
  <controlfield tag="007">he amb---bbcp</controlfield>
  <controlfield tag="007">he bmb---baap</controlfield>
  <controlfield tag="008">831201s1872    quc     b     000 0 eng d</controlfield>
  <datafield tag="020" ind1=" " ind2=" ">
    <subfield code="a">0665289316</subfield>
  </datafield>
  <datafield tag="035" ind1=" " ind2=" ">
    <subfield code="a">ocn317761948</subfield>
  </datafield>
  <datafield tag="040" ind1=" " ind2=" ">
    <subfield code="a">CaOOCIHM</subfield>
    <subfield code="b">eng</subfield>
    <subfield code="d">AEU</subfield>
  </datafield>
  <datafield tag="043" ind1=" " ind2=" ">
    <subfield code="a">n-cn-qu</subfield>
    <subfield code="a">n-cn-on</subfield>
  </datafield>
  <datafield tag="082" ind1="0" ind2=" ">
    <subfield code="a">917.14</subfield>
    <subfield code="2">19</subfield>
  </datafield>
  <datafield tag="090" ind1=" " ind2=" ">
    <subfield code="a">FC 02 0203 no. 28931</subfield>
    <subfield code="b">AEU</subfield>
  </datafield>
  <datafield tag="245" ind1="0" ind2="4">
    <subfield code="a">The Traveller&apos;s guide for the cities of Montreal, Quebec, Ottawa, &amp; c., and the rivers St. Lawrence &amp; Saguenay</subfield>
    <subfield code="h">[microform].</subfield>
  </datafield>
  <datafield tag="260" ind1=" " ind2=" ">
    <subfield code="a">[Montreal? :</subfield>
    <subfield code="b">s.n.],</subfield>
    <subfield code="c">1872</subfield>
    <subfield code="e">(Montreal :</subfield>
    <subfield code="f">D. Rose)</subfield>
  </datafield>
  <datafield tag="300" ind1=" " ind2=" ">
    <subfield code="a">1 microfiche (33 fr.).</subfield>
  </datafield>
  <datafield tag="490" ind1="1" ind2=" ">
    <subfield code="a">CIHM/ICMH Microfiche series = CIHM/ICMH collection de microfiches ;</subfield>
    <subfield code="v">no. 28931</subfield>
  </datafield>
  <datafield tag="500" ind1=" " ind2=" ">
    <subfield code="a">Cover title.</subfield>
  </datafield>
  <datafield tag="500" ind1=" " ind2=" ">
    <subfield code="a">Pages 49-52 missing.</subfield>
  </datafield>
  <datafield tag="500" ind1=" " ind2=" ">
    <subfield code="a">Includes advertisements.</subfield>
  </datafield>
  <datafield tag="533" ind1=" " ind2=" ">
    <subfield code="a">Filmed from a copy of the original publication held by the Thomas Fisher Rare Book Library, University of Toronto Library.</subfield>
    <subfield code="b">Ottawa :</subfield>
    <subfield code="c">Canadian Institute for Historical Microreproductions,</subfield>
    <subfield code="d">1982.</subfield>
  </datafield>
  <datafield tag="534" ind1=" " ind2=" ">
    <subfield code="e">56 p.</subfield>
  </datafield>
  <datafield tag="596" ind1=" " ind2=" ">
    <subfield code="a">43</subfield>
  </datafield>
  <datafield tag="651" ind1=" " ind2="0">
    <subfield code="a">Quebec (Province)</subfield>
    <subfield code="x">Description and travel</subfield>
    <subfield code="x">Guide-books.</subfield>
  </datafield>
  <datafield tag="651" ind1=" " ind2="0">
    <subfield code="a">Montréal (Quebec)</subfield>
    <subfield code="x">Description</subfield>
    <subfield code="x">Guide-book</subfield>
  </datafield>
<!-- No separator at end of field length=50 -->
<!-- Bad indicator data. Skipping 2 bytes -->
  <datafield tag="651" ind1=" " ind2="0">
    <subfield code="a">Québec (Quebec)</subfield>
    <subfield code="x">Description</subfield>
    <subfield code="x">Guide-book</subfield>
  </datafield>
<!-- No separator at end of field length=48 -->
  <datafield tag="651" ind1="k" ind2="s">
  </datafield>
<!-- Separator but not at end of field length=50 -->
  <datafield tag="651" ind1="k" ind2="s">
  </datafield>
<!-- Separator but not at end of field length=57 -->
  <datafield tag="651" ind1="i" ind2="d">
    <subfield code="s">.</subfield>
  </datafield>
<!-- Separator but not at end of field length=47 -->
<!-- Bad indicator data. Skipping 1 bytes -->
  <datafield tag="651" ind1="x" ind2="G">
    <subfield code="i">des.</subfield>
  </datafield>
<!-- Separator but not at end of field length=45 -->
  <datafield tag="651" ind1="i" ind2="o">
    <subfield code="s"></subfield>
    <subfield code="x">Guides.</subfield>
  </datafield>
<!-- Separator but not at end of field length=46 -->
  <datafield tag="830" ind1="a" ind2="g">
    <subfield code="s"></subfield>
    <subfield code="x">Guides.</subfield>
  </datafield>
<!-- Separator but not at end of field length=45 -->
  <datafield tag="949" ind1=" " ind2=";">
    <subfield code="v">no. 28931</subfield>
  </datafield>
<!-- Separator but not at end of field length=22 -->
  <datafield tag="016" ind1="-" ind2="M">
    <subfield code="z">CIHMMPRE</subfield>
  </datafield>
<!-- Separator but not at end of field length=15 -->
<!-- Bad indicator data. Skipping 2 bytes -->
  <datafield tag="926" ind1="a" ind2=" ">
    <subfield code="3">618825X</subfield>
  </datafield>
<!-- Separator but not at end of field length=58 -->
</record>
</collection>
